
@article{turing1950,
  title={Computing machinery and intelligence},
  author={A. Turing},
  journal={Mind},
  pages={433--460},
  year={1950},
  publisher={JSTOR}
}

@misc{ xkcd,
   author = {R. Munroe},
   title = {Correlation [Cartoon]},
   url = {http://xkcd.com/552/},
   note = {[Online; retrieved 28-Jul-2014]}
}  
